<record><leader>00000cas a2200000 a 4500</leader><controlfield tag="001">1510574</controlfield><controlfield tag="008">750805d19271991flucr ne      0    0eng c</controlfield><datafield ind1=" " ind2=" " tag="010"><subfield code="a">sn 96027134 </subfield></datafield><datafield ind1=" " ind2=" " tag="040"><subfield code="a">FUL</subfield><subfield code="b">eng</subfield><subfield code="c">FUL</subfield><subfield code="d">FUG</subfield><subfield code="d">OCLCQ</subfield><subfield code="d">OCLCF</subfield><subfield code="d">OCLCO</subfield></datafield><datafield ind1=" " ind2=" " tag="012"><subfield code="i">9602</subfield></datafield><datafield ind1=" " ind2=" " tag="019"><subfield code="a">994495866</subfield></datafield><datafield ind1="1" ind2=" " tag="029"><subfield code="a">AU@</subfield><subfield code="b">000025919122</subfield></datafield><datafield ind1=" " ind2=" " tag="042"><subfield code="a">pcc</subfield></datafield><datafield ind1=" " ind2=" " tag="043"><subfield code="a">n-us-fl</subfield></datafield><datafield ind1="0" ind2="0" tag="245"><subfield code="a">Vero Beach press journal.</subfield></datafield><datafield ind1="1" ind2="3" tag="246"><subfield code="a">Vero Beach press and Vero Beach journal</subfield></datafield><datafield ind1="1" ind2="3" tag="246"><subfield code="a">Press-journal</subfield></datafield><datafield ind1=" " ind2=" " tag="260"><subfield code="a">Vero Beach, Fla. :</subfield><subfield code="b">[s.n.],</subfield><subfield code="c">1927-1991.</subfield></datafield><datafield ind1=" " ind2=" " tag="300"><subfield code="a">v. :</subfield><subfield code="b">ill.</subfield></datafield><datafield ind1=" " ind2=" " tag="310"><subfield code="a">Daily,</subfield><subfield code="b">&lt;1982&gt;-1991</subfield></datafield><datafield ind1=" " ind2=" " tag="321"><subfield code="a">Semiweekly,</subfield><subfield code="b">1927-</subfield></datafield><datafield ind1=" " ind2=" " tag="321"><subfield code="a">Weekly,</subfield><subfield code="b">&lt;1933-1946&gt;</subfield></datafield><datafield ind1=" " ind2=" " tag="321"><subfield code="a">Semiweekly,</subfield><subfield code="b">&lt;1973-1978&gt;</subfield></datafield><datafield ind1="0" ind2=" " tag="362"><subfield code="a">Vol. 8, no. 1 (May 6, 1927)- ; -72nd year, no. 343 (Aug. 28, 1991).</subfield></datafield><datafield ind1=" " ind2="0" tag="651"><subfield code="a">Vero Beach (Fla.)</subfield><subfield code="v">Newspapers.</subfield></datafield><datafield ind1=" " ind2="0" tag="651"><subfield code="a">Indian River County (Fla.)</subfield><subfield code="v">Newspapers.</subfield></datafield><datafield ind1=" " ind2="7" tag="655"><subfield code="a">Newspapers.</subfield><subfield code="2">fast</subfield><subfield code="0">(OCoLC)fst01423814</subfield></datafield><datafield ind1=" " ind2="7" tag="651"><subfield code="a">Florida</subfield><subfield code="z">Indian River County.</subfield><subfield code="2">fast</subfield><subfield code="0">(OCoLC)fst01213554</subfield></datafield><datafield ind1=" " ind2="7" tag="651"><subfield code="a">Florida</subfield><subfield code="z">Vero Beach.</subfield><subfield code="2">fast</subfield><subfield code="0">(OCoLC)fst01213563</subfield></datafield><datafield ind1=" " ind2=" " tag="752"><subfield code="a">United States</subfield><subfield code="b">Florida</subfield><subfield code="c">Indian River</subfield><subfield code="d">Vero Beach.</subfield></datafield><datafield ind1="0" ind2="4" tag="780"><subfield code="t">Vero Beach press</subfield><subfield code="w">(DLC)sn 96027132</subfield><subfield code="w">(OCoLC)34178455</subfield></datafield><datafield ind1="0" ind2="4" tag="780"><subfield code="t">Vero Beach journal</subfield><subfield code="w">(DLC)sn 96027133</subfield><subfield code="w">(OCoLC)34178457</subfield></datafield><datafield ind1="0" ind2="0" tag="785"><subfield code="t">Press journal</subfield><subfield code="w">(DLC)sn 96027135</subfield><subfield code="w">(OCoLC)34178459</subfield></datafield><datafield ind1=" " ind2=" " tag="850"><subfield code="a">FU</subfield></datafield></record>